<record><leader>00000cas a22000007a 4500</leader><controlfield tag="001">15367543</controlfield><controlfield tag="008">870325d197819uupauwr ne      0    0eng d</controlfield><datafield ind1=" " ind2=" " tag="010"><subfield code="a">sn 87080168 </subfield></datafield><datafield ind1=" " ind2=" " tag="040"><subfield code="a">NPH</subfield><subfield code="b">eng</subfield><subfield code="c">NPH</subfield><subfield code="d">OCLCQ</subfield></datafield><datafield ind1=" " ind2=" " tag="042"><subfield code="a">msc</subfield></datafield><datafield ind1=" " ind2="4" tag="050"><subfield code="a">RM36</subfield><subfield code="b">.P74 1992</subfield></datafield><datafield ind1="0" ind2="0" tag="245"><subfield code="a">Main Line Jewish expression.</subfield></datafield><datafield ind1="3" ind2="0" tag="246"><subfield code="a">Jewish expression</subfield></datafield><datafield ind1=" " ind2=" " tag="260"><subfield code="a">Bala Cynwyd, Pa. :</subfield><subfield code="b">Main Line Jewish Expression, Inc.,</subfield><subfield code="c">1978-</subfield></datafield><datafield ind1=" " ind2=" " tag="300"><subfield code="a">v. :</subfield><subfield code="b">ill. ;</subfield><subfield code="c">38 cm.</subfield></datafield><datafield ind1=" " ind2=" " tag="310"><subfield code="a">Weekly</subfield></datafield><datafield ind1="0" ind2=" " tag="362"><subfield code="a">Vol. 1, no. 1 (Feb. 2, 1978)-</subfield></datafield><datafield ind1=" " ind2=" " tag="500"><subfield code="a">"Is an affiliate of the Jewish exponent and is published for the Federation of Jewish agencies."</subfield></datafield><datafield ind1=" " ind2=" " tag="752"><subfield code="a">United States</subfield><subfield code="b">Pennsylvania</subfield><subfield code="c">Montgomery</subfield><subfield code="d">Bala Cynwyd.</subfield></datafield></record>